@MISC{elisa,
	author = {Schaeffer, Elisa},
	title  ={Análisis de Algoritmos- Teoría de grafos},
	year = {2014},
	howpublished = {Recurso libre, disponible en https://elisa.dyndns-web.com/teaching/aa/pdf/clase1408.pdf}
}


@MISC{networkx,
	author = {Hagberg, Aric and Schult, Dan and Swart, Pieter},
	title  ={NetworkX documentation},
	year = {2015},
	howpublished = {Recurso libre, disponible en https://networkx.github.io/documentation/networkx-1.10/index.html}
}


@article{park,
author = {Park, Jeongmi and SANO, Yoshio},
year = {2013},
month = {07},
pages = {9},
title = {The double competition multigraph of a digraph},
volume = {17}
}

@book{Ahuja2017,
 author = {Ahuja, Ravindra K.},
 title = {Network Flows: Theory, Algorithms, and Applications},
 year = {2017},
 isbn = {9332535159, 9789332535152},
 edition = {1st},
 publisher = {Pearson Education},

}


@PHDTHESIS{Jailson2017, 
  author ={Domingos de Oliveira, Jailson}, 
  title ={Estratégias relax-and-fix aplicada ao problema de roteamento em arcos capacitado e periódico}, 
  school ={Pós-Graduação em Métodos Numérico em Engenharia, Setores de Tecnologia e de Ciências Exatas, da Universidade Federal do Paraná}, 
  year ={2017}, 
}



@book{wolsey1998,
  title={Integer Programming},
  author={Wolsey, L.A.},
  isbn={9780471283669},
  lccn={98007296},
  series={Wiley Series in Discrete Mathematics and Optimization},
  url={https://books.google.com.mx/books?id=x7RvQgAACAAJ},
  year={1998},
  publisher={Wiley},
}


@unpublished{Bartholdi2014,
author = {Bartholdi, Jj and Hankman, St},
year = {2014},
title = {Warehouse and Distribution Science},
address = {Atlanta, Georgia},
institution = {The Supply Chain and Logistics Institute. Atlanta. GA: Georgia Institute of Technology},
pages = {299},
}

